<?xml version="1.0" encoding="UTF-8"?><collection xmlns="http://www.loc.gov/MARC21/slim"><record><leader>00412nam--2200145-i-4500</leader><controlfield tag="001">000025444</controlfield><controlfield tag="002">20161230</controlfield><controlfield tag="005">20161230201035</controlfield><controlfield tag="008">060222s1000------------r-----000-0-eng-d</controlfield><datafield ind1=" " ind2=" " tag="080"><subfield code="a">539.219.3</subfield></datafield><datafield ind1=" " ind2=" " tag="100"><subfield code="a">Jost, W</subfield></datafield><datafield ind1=" " ind2=" " tag="245"><subfield code="a">Diffusion. methoden der messung und auswertung</subfield></datafield><datafield ind1=" " ind2=" " tag="260"><subfield code="a">Darmstadt, Verlag Von Dr.Dietrich Steinkopff, 1957, 177p</subfield></datafield><datafield ind1=" " ind2=" " tag="490"><subfield code="a">Fortschritte Der Physikalischen Chemie</subfield></datafield><datafield ind1=" " ind2=" " tag="852"><subfield code="a">13620</subfield></datafield></record></collection>